2692 4034
392 602 701 665 THEBAJDOS
741 602 918 654 blsxn.
1029 564 1077 671 251⁴

305 747 414 794 Parvane
423 743 554 807 prostratis,
569 744 658 807 inquit,
675 744 818 792 documenta
830 744 939 806 Mycenis

245 850 292 912 ⁶90
308 848 455 895 Sanximuei
472 860 501 893 en
513 847 609 908 iterum,
627 847 669 909 qui
681 846 770 893 muenia
782 847 860 894 nostra
870 816 981 895 lacessant
995 874 998 881 ·

305 942 455 1005 Accipimus.
471 943 584 989 veniantt
601 943 640 989 sed
651 956 681 989 ne
692 942 743 1004 posi
755 943 816 989 bella
827 952 966 1003 querantur.

306 1046 355 1091 Lex
366 1043 448 1090 eadem
459 1041 536 1090 uirbis.
561 1042 638 1101 Dixit,
653 1042 691 1090 sed
702 1044 798 1105 pulvere
809 1043 882 1092 crasso

305 1138 414 1199 Caligare
424 1138 497 1195 diem,
514 1142 536 1185 δι
545 1138 633 1199 Tyrios
642 1137 699 1200 juga
711 1138 806 1200 perdere
817 1147 911 1185 montes

306 1238 406 1300 Aspicit.
416 1237 509 1285 armari
521 1239 623 1299 populus
634 1248 724 1296 tamen,
740 1251 853 1299 armaque
864 1236 920 1285 serri

247 1338 276 1398 ⁶9
281 1349 292 1398 5
308 1335 358 1396 Ipse
366 1334 435 1396 jubet
444 1335 545 1395 pallens,
560 1334 694 1396 mediaque
705 1334 729 1381 in
741 1334 833 1381 sedibus
844 1336 906 1382 aulae

308 1432 451 1481 Eumenidas
462 1432 559 1488 subitas,
575 1433 720 1494 flentemque
730 1432 855 1479 Menoecea
866 1432 942 1481 cernit

306 1528 438 1587 Turbidus,
455 1511 623 1590 impositosque
632 1529 696 1590 rogis
707 1528 808 1590 gaudere
818 1530 933 1591 Pelasgos.

307 1627 367 1694 Qis
377 1626 425 1675 suit
435 1626 476 1674 iiie
486 1628 546 1687 dies,
567 1638 636 1676 tanto
647 1642 702 1676 cum
714 1628 826 1689 sanguine
837 1628 928 1675 Thebis

306 1728 356 1774 Pax
367 1728 463 1773 inventa
474 1727 555 1789 perit?
573 1728 659 1775 Patriis
672 1728 744 1775 modo
756 1728 805 1775 fixa
818 1729 934 1777 revellunt

244 1839 292 1886 7⁰0
309 1829 384 1871 Arma
395 1822 453 1880 dcis,
470 1823 603 1885 clypeisque
613 1823 737 1870 obducunt
748 1824 842 1885 peslora
854 1822 945 1883 sraelis,

304 1928 336 1975 Et
347 1928 423 1989 galeas
434 1926 545 1982 humiles,
562 1930 585 1973 sc
595 1924 673 1973 adhuc
684 1924 801 1972 sordentia
813 1926 870 1972 tabo

304 2024 417 2085 Spicula:
436 2036 485 2070 non
495 2022 610 2085 pharetris
622 2022 756 2084 quisquam,
773 2036 821 2070 non
833 2022 885 2070 ense
896 2022 1003 2082 decorus,

305 2119 361 2165 Nun
372 2118 510 2179 spectandus
521 2132 591 2178 equo.
608 2118 672 2164 cesset
684 2116 771 2165 fiducia
783 2118 855 2166 vallic

305 2203 436 2261 Muromm'
445 2223 510 2275 patet
520 2228 592 2261 omne
601 2214 673 2272 latus,
691 2214 826 2261 munimina
837 2226 912 2277 portae

243 2325 290 2373 705
307 2311 458 2372 Exposcuntr
476 2311 542 2373 prior
552 2310 624 2358 hostis
635 2311 714 2359 haber.
730 2310 822 2373 fastigia
833 2311 932 2360 desunt:

304 2406 397 2468 Deiecit
407 2409 539 2468 Capaneus.
556 2406 678 2469 exanguis,
695 2411 717 2453 sc
728 2420 789 2469 aegra
799 2406 921 2467 juventus,

303 2504 360 2569 Jam
371 2516 414 2550 nec
426 2501 576 2564 conjugibus,
592 2504 699 2565 suprema
711 2517 754 2553 nec
765 2504 843 2551 oscula
854 2502 917 2552 natis

303 2600 397 2665 Jungit,
413 2604 435 2645 δι
446 2600 541 2647 attoniti
553 2600 588 2649 nil
598 2610 709 2663 optavere
719 2606 836 2661 parentes.

305 2698 403 2745 Atticus
414 2709 439 2746 at
450 2710 540 2758 contra,
554 2700 626 2761 jubar
642 2709 669 2748 ut
681 2700 802 2747 clarescere
814 2699 890 2761 ruptis

240 2809 289 2859 710
304 2798 426 2857 Nubibus,
443 2804 465 2846 sc
475 2800 547 2846 solem
559 2798 643 2861 primis
653 2798 744 2860 aspexit
756 2797 780 2843 in
792 2798 873 2857 armis,
920 2794 923 2802 ’

270 2884 274 2888 ’
303 2894 386 2941 Desrlit
397 2894 422 2941 in
434 2909 555 2957 campum,
572 2896 615 2957 qui
625 2895 705 2941 subter
715 2893 805 2941 moenia
817 2894 895 2941 nudos

303 2994 418 3043 Adseruat
428 2972 525 3043 manes:
544 2994 646 3057 dirisque
656 2994 783 3056 vaporibus
795 3008 886 3055 aegrum

303 3088 365 3135 Aira
376 3089 486 3149 pulverea
498 3088 594 3150 penitus
604 3089 647 3136 sub
658 3088 742 3137 casside
753 3089 842 3135 ducens

302 3183 415 3246 Ingemit,
432 3184 537 3246 &justas
549 3184 604 3231 belli
616 3185 756 3231 flammatur
766 3184 791 3230 in
802 3182 858 3231 iras.

239 3294 286 3346 7¹5
302 3282 375 3330 Hunc
385 3282 468 3330 saltem
478 3282 569 3332 miseris
579 3282 664 3329 duslor
673 3281 804 3329 Thebanus
815 3279 930 3327 honorem

316 3363 319 3367 ¹
617 3379 643 3427 K
654 3378 697 3428 ka
993 3376 1074 3441 Largi·
