<?xml version="1.0" encoding="UTF-8"?>
<!DOCTYPE html PUBLIC "-//W3C//DTD XHTML 1.0 Transitional//EN"
    "http://www.w3.org/TR/xhtml1/DTD/xhtml1-transitional.dtd">
<html xmlns="http://www.w3.org/1999/xhtml" xml:lang="en" lang="en">
 <head>
  <title>
</title>
<meta http-equiv="Content-Type" content="text/html;charset=utf-8" />
  <meta name='ocr-system' content='tesseract 3.04.00' />
  <meta name='ocr-capabilities' content='ocr_page ocr_carea ocr_par ocr_line ocrx_word'/>
</head>
<body>
  <div class='ocr_page' id='page_1' title='image "./publiipapiniist02statgoog_0223.png"; bbox 0 0 2692 4034; ppageno 0'>
   <div class='ocr_carea' id='block_1_1' title="bbox 364 568 1051 633">
    <p class='ocr_par' dir='ltr' id='par_1_1' title="bbox 364 568 1051 633">
     <span class='ocr_line' id='line_1_1' title="bbox 364 568 1051 633; baseline 0.001 -14"><span class='ocrx_word' id='word_1_1' title='bbox 364 568 677 620; x_wconf 75' lang='lat' dir='ltr'>rnuuaruos</span> <span class='ocrx_word' id='word_1_2' title='bbox 717 568 894 619; x_wconf 74' lang='lat' dir='ltr'>urnxu.</span> <span class='ocrx_word' id='word_1_3' title='bbox 1003 576 1051 633; x_wconf 71' lang='lat'>²53</span> 
     </span>
    </p>
   </div>
   <div class='ocr_carea' id='block_1_2' title="bbox 217 712 936 1750">
    <p class='ocr_par' dir='ltr' id='par_1_2' title="bbox 217 712 936 1750">
     <span class='ocr_line' id='line_1_2' title="bbox 277 712 839 775; baseline -0.005 -13"><span class='ocrx_word' id='word_1_4' title='bbox 277 714 334 762; x_wconf 83' lang='lat' dir='ltr'>Non</span> <span class='ocrx_word' id='word_1_5' title='bbox 345 728 389 775; x_wconf 86' lang='lat' dir='ltr'>ego</span> <span class='ocrx_word' id='word_1_6' title='bbox 401 724 500 761; x_wconf 84' lang='lat' dir='ltr'>centena</span> <span class='ocrx_word' id='word_1_7' title='bbox 512 715 527 760; x_wconf 88' lang='lat' dir='ltr'>fi</span> <span class='ocrx_word' id='word_1_8' title='bbox 539 712 594 775; x_wconf 84' lang='lat' dir='ltr'>quis</span> <span class='ocrx_word' id='word_1_9' title='bbox 605 726 658 760; x_wconf 86' lang='lat' dir='ltr'>mea</span> <span class='ocrx_word' id='word_1_10' title='bbox 668 712 764 775; x_wconf 75' lang='lat' dir='ltr'>pedion</span> <span class='ocrx_word' id='word_1_11' title='bbox 774 712 839 760; x_wconf 84' lang='lat' dir='ltr'>laxet</span> 
     </span>
     <span class='ocr_line' id='line_1_3' title="bbox 277 806 936 869; baseline -0.002 -15"><span class='ocrx_word' id='word_1_12' title='bbox 277 810 345 856; x_wconf 85' lang='lat' dir='ltr'>Voce</span> <span class='ocrx_word' id='word_1_13' title='bbox 355 809 422 866; x_wconf 81' lang='lat' dir='ltr'>deua,</span> <span class='ocrx_word' id='word_1_14' title='bbox 439 818 476 855; x_wconf 87' lang='lat' dir='ltr'>tot</span> <span class='ocrx_word' id='word_1_15' title='bbox 487 807 554 855; x_wconf 79' lang='lat' dir='ltr'>busta</span> <span class='ocrx_word' id='word_1_16' title='bbox 564 808 643 864; x_wconf 84' lang='lat' dir='ltr'>fimul‚</span> <span class='ocrx_word' id='word_1_17' title='bbox 658 806 781 869; x_wconf 84' lang='lat' dir='ltr'>vulgique,</span> <span class='ocrx_word' id='word_1_18' title='bbox 798 806 936 869; x_wconf 84' lang='lat' dir='ltr'>ducumque</span> 
     </span>
     <span class='ocr_line' id='line_1_4' title="bbox 278 904 897 969; baseline -0.005 -15"><span class='ocrx_word' id='word_1_19' title='bbox 278 908 328 954; x_wconf 87' lang='lat' dir='ltr'>Tot</span> <span class='ocrx_word' id='word_1_20' title='bbox 338 906 426 969; x_wconf 86' lang='lat' dir='ltr'>pariter</span> <span class='ocrx_word' id='word_1_21' title='bbox 436 906 548 968; x_wconf 75' lang='lat' dir='ltr'>gemitus,</span> <span class='ocrx_word' id='word_1_22' title='bbox 565 905 643 967; x_wconf 78' lang='lat' dir='ltr'>dignis</span> <span class='ocrx_word' id='word_1_23' title='bbox 655 904 780 953; x_wconf 72' lang='lat' dir='ltr'>conatibus</span> <span class='ocrx_word' id='word_1_24' title='bbox 793 917 897 967; x_wconf 73' lang='lat' dir='ltr'>aequem.</span> 
     </span>
     <span class='ocr_line' id='line_1_5' title="bbox 218 1002 810 1066; baseline -0.003 -15"><span class='ocrx_word' id='word_1_25' title='bbox 218 1003 265 1052; x_wconf 77' lang='lat'>800</span> <span class='ocrx_word' id='word_1_26' title='bbox 280 1006 391 1052; x_wconf 82' lang='lat' dir='ltr'>Turbine</span> <span class='ocrx_word' id='word_1_27' title='bbox 401 1020 450 1066; x_wconf 88' lang='lat' dir='ltr'>quo</span> <span class='ocrx_word' id='word_1_28' title='bbox 460 1005 505 1052; x_wconf 89' lang='lat' dir='ltr'>sese</span> <span class='ocrx_word' id='word_1_29' title='bbox 515 1004 576 1052; x_wconf 73' lang='lat' dir='ltr'>caria</span> <span class='ocrx_word' id='word_1_30' title='bbox 588 1003 721 1052; x_wconf 83' lang='lat' dir='ltr'>instraverit</span> <span class='ocrx_word' id='word_1_31' title='bbox 732 1002 810 1049; x_wconf 82' lang='lat' dir='ltr'>audax</span> 
     </span>
     <span class='ocr_line' id='line_1_6' title="bbox 279 1103 891 1167; baseline -0.003 -15"><span class='ocrx_word' id='word_1_32' title='bbox 279 1105 379 1166; x_wconf 75' lang='lat' dir='ltr'>Ignibus</span> <span class='ocrx_word' id='word_1_33' title='bbox 390 1106 494 1164; x_wconf 79' lang='lat' dir='ltr'>Euadne,</span> <span class='ocrx_word' id='word_1_34' title='bbox 510 1106 650 1167; x_wconf 77' lang='lat' dir='ltr'>fulmenque</span> <span class='ocrx_word' id='word_1_35' title='bbox 661 1104 686 1151; x_wconf 89' lang='lat' dir='ltr'>in</span> <span class='ocrx_word' id='word_1_36' title='bbox 697 1103 791 1165; x_wconf 68' lang='lat' dir='ltr'>petiere</span> <span class='ocrx_word' id='word_1_37' title='bbox 802 1116 891 1164; x_wconf 84' lang='lat' dir='ltr'>magno</span> 
     </span>
     <span class='ocr_line' id='line_1_7' title="bbox 279 1196 877 1265; baseline -0.003 -18"><span class='ocrx_word' id='word_1_38' title='bbox 279 1199 412 1265; x_wconf 68' lang='lat' dir='ltr'>Qasrerit.</span> <span class='ocrx_word' id='word_1_39' title='bbox 428 1214 479 1261; x_wconf 87' lang='lat' dir='ltr'>quo</span> <span class='ocrx_word' id='word_1_40' title='bbox 489 1214 555 1247; x_wconf 87' lang='lat' dir='ltr'>more</span> <span class='ocrx_word' id='word_1_41' title='bbox 563 1200 644 1261; x_wconf 82' lang='lat' dir='ltr'>jacens</span> <span class='ocrx_word' id='word_1_42' title='bbox 655 1201 724 1262; x_wconf 87' lang='lat' dir='ltr'>super</span> <span class='ocrx_word' id='word_1_43' title='bbox 734 1198 812 1247; x_wconf 85' lang='lat' dir='ltr'>oscula</span> <span class='ocrx_word' id='word_1_44' title='bbox 822 1196 877 1247; x_wconf 68' lang='lat' dir='ltr'>sevi</span> 
     </span>
     <span class='ocr_line' id='line_1_8' title="bbox 279 1296 808 1359; baseline -0.002 -15"><span class='ocrx_word' id='word_1_45' title='bbox 279 1297 402 1359; x_wconf 80' lang='lat' dir='ltr'>Corporis,</span> <span class='ocrx_word' id='word_1_46' title='bbox 418 1296 502 1344; x_wconf 81' lang='lat' dir='ltr'>infelix</span> <span class='ocrx_word' id='word_1_47' title='bbox 513 1298 607 1345; x_wconf 84' lang='lat' dir='ltr'>excuset</span> <span class='ocrx_word' id='word_1_48' title='bbox 617 1298 699 1359; x_wconf 80' lang='lat' dir='ltr'>Tydea</span> <span class='ocrx_word' id='word_1_49' title='bbox 710 1296 808 1358; x_wconf 85' lang='lat' dir='ltr'>conjux,</span> 
     </span>
     <span class='ocr_line' id='line_1_9' title="bbox 278 1393 756 1456; baseline 0.002 -15"><span class='ocrx_word' id='word_1_50' title='bbox 278 1397 314 1441; x_wconf 88' lang='lat' dir='ltr'>Ut</span> <span class='ocrx_word' id='word_1_51' title='bbox 324 1396 397 1441; x_wconf 78' lang='lat' dir='ltr'>saevos</span> <span class='ocrx_word' id='word_1_52' title='bbox 409 1406 487 1441; x_wconf 89' lang='lat' dir='ltr'>narret</span> <span class='ocrx_word' id='word_1_53' title='bbox 495 1394 579 1456; x_wconf 78' lang='lat' dir='ltr'>vigilet</span> <span class='ocrx_word' id='word_1_54' title='bbox 591 1394 664 1455; x_wconf 83' lang='lat' dir='ltr'>Argia</span> <span class='ocrx_word' id='word_1_55' title='bbox 675 1393 756 1442; x_wconf 89' lang='lat' dir='ltr'>sorori.</span> 
     </span>
     <span class='ocr_line' id='line_1_10' title="bbox 217 1493 930 1561; baseline 0.003 -19"><span class='ocrx_word' id='word_1_56' title='bbox 217 1495 263 1561; x_wconf 81' lang='lat'>805</span> <span class='ocrx_word' id='word_1_57' title='bbox 279 1497 373 1545; x_wconf 79' lang='lat' dir='ltr'>Areada</span> <span class='ocrx_word' id='word_1_58' title='bbox 385 1511 435 1558; x_wconf 89' lang='lat' dir='ltr'>quo</span> <span class='ocrx_word' id='word_1_59' title='bbox 445 1496 542 1558; x_wconf 76' lang='lat' dir='ltr'>pianssu</span> <span class='ocrx_word' id='word_1_60' title='bbox 554 1495 657 1557; x_wconf 79' lang='lat' dir='ltr'>genitrix</span> <span class='ocrx_word' id='word_1_61' title='bbox 668 1493 822 1556; x_wconf 85' lang='lat' dir='ltr'>Erymanthia</span> <span class='ocrx_word' id='word_1_62' title='bbox 835 1495 930 1555; x_wconf 74' lang='lat' dir='ltr'>clamet,</span> 
     </span>
     <span class='ocr_line' id='line_1_11' title="bbox 276 1592 886 1653; baseline -0.003 -12"><span class='ocrx_word' id='word_1_63' title='bbox 276 1593 371 1641; x_wconf 84' lang='lat' dir='ltr'>Areada</span> <span class='ocrx_word' id='word_1_64' title='bbox 380 1592 523 1653; x_wconf 85' lang='lat' dir='ltr'>consumpto</span> <span class='ocrx_word' id='word_1_65' title='bbox 534 1592 663 1639; x_wconf 81' lang='lat' dir='ltr'>servantem</span> <span class='ocrx_word' id='word_1_66' title='bbox 675 1592 786 1652; x_wconf 82' lang='lat' dir='ltr'>sanguine</span> <span class='ocrx_word' id='word_1_67' title='bbox 796 1592 886 1649; x_wconf 81' lang='lat' dir='ltr'>uultus,</span> 
     </span>
     <span class='ocr_line' id='line_1_12' title="bbox 277 1687 904 1750; baseline -0.002 -14"><span class='ocrx_word' id='word_1_68' title='bbox 277 1689 381 1746; x_wconf 80' lang='lat' dir='ltr'>Arcada,</span> <span class='ocrx_word' id='word_1_69' title='bbox 397 1700 469 1750; x_wconf 88' lang='lat' dir='ltr'>quem</span> <span class='ocrx_word' id='word_1_70' title='bbox 481 1688 581 1749; x_wconf 72' lang='lat' dir='ltr'>gemina</span> <span class='ocrx_word' id='word_1_71' title='bbox 593 1688 681 1750; x_wconf 88' lang='lat' dir='ltr'>pariter</span> <span class='ocrx_word' id='word_1_72' title='bbox 693 1688 776 1735; x_wconf 83' lang='lat' dir='ltr'>flevere</span> <span class='ocrx_word' id='word_1_73' title='bbox 787 1687 904 1735; x_wconf 83' lang='lat' dir='ltr'>cohortes.</span> 
     </span>
    </p>
   </div>
   <div class='ocr_carea' id='block_1_3' title="bbox 275 1766 976 1845">
    <p class='ocr_par' dir='ltr' id='par_1_3' title="bbox 275 1766 976 1845">
     <span class='ocr_line' id='line_1_13' title="bbox 275 1766 976 1845; baseline -0.001 -13"><span class='ocrx_word' id='word_1_74' title='bbox 275 1785 327 1833; x_wconf 88' lang='lat' dir='ltr'>Vix</span> <span class='ocrx_word' id='word_1_75' title='bbox 338 1799 415 1833; x_wconf 81' lang='lat' dir='ltr'>novus</span> <span class='ocrx_word' id='word_1_76' title='bbox 426 1784 469 1832; x_wconf 82' lang='lat' dir='ltr'>iiia</span> <span class='ocrx_word' id='word_1_77' title='bbox 479 1785 554 1842; x_wconf 80' lang='lat' dir='ltr'>sutor,</span> <span class='ocrx_word' id='word_1_78' title='bbox 570 1784 712 1845; x_wconf 83' lang='lat' dir='ltr'>veniensque</span> <span class='ocrx_word' id='word_1_79' title='bbox 723 1783 837 1845; x_wconf 81' lang='lat' dir='ltr'>implesset</span> <span class='ocrx_word' id='word_1_80' title='bbox 848 1784 944 1845; x_wconf 83' lang='lat' dir='ltr'><strong>Apollo.</strong></span> <span class='ocrx_word' id='word_1_81' title='bbox 971 1766 976 1777; x_wconf 38' lang='grc' dir='ltr'>Ι</span> 
     </span>
    </p>
   </div>
   <div class='ocr_carea' id='block_1_4' title="bbox 213 1882 1000 2921">
    <p class='ocr_par' dir='ltr' id='par_1_4' title="bbox 213 1882 1000 2921">
     <span class='ocr_line' id='line_1_14' title="bbox 274 1882 903 1944; baseline 0 -14"><span class='ocrx_word' id='word_1_82' title='bbox 274 1886 307 1931; x_wconf 87' lang='lat' dir='ltr'>Et</span> <span class='ocrx_word' id='word_1_83' title='bbox 317 1897 371 1930; x_wconf 88' lang='lat' dir='ltr'>mea</span> <span class='ocrx_word' id='word_1_84' title='bbox 380 1883 431 1944; x_wconf 83' lang='lat' dir='ltr'>jam</span> <span class='ocrx_word' id='word_1_85' title='bbox 443 1884 514 1944; x_wconf 88' lang='lat' dir='ltr'>longo</span> <span class='ocrx_word' id='word_1_86' title='bbox 526 1882 613 1929; x_wconf 88' lang='lat' dir='ltr'>meruit</span> <span class='ocrx_word' id='word_1_87' title='bbox 624 1883 681 1928; x_wconf 86' lang='lat' dir='ltr'>ratis</span> <span class='ocrx_word' id='word_1_88' title='bbox 693 1894 787 1943; x_wconf 80' lang='lat' dir='ltr'>aequore</span> <span class='ocrx_word' id='word_1_89' title='bbox 797 1892 903 1942; x_wconf 86' lang='lat' dir='ltr'>portum.</span> 
     </span>
     <span class='ocr_line' id='line_1_15' title="bbox 215 1974 890 2039; baseline -0.004 -15"><span class='ocrx_word' id='word_1_90' title='bbox 215 1977 261 2027; x_wconf 83' lang='lat'>810</span> <span class='ocrx_word' id='word_1_91' title='bbox 277 1978 408 2025; x_wconf 85' lang='lat' dir='ltr'>Durabisne</span> <span class='ocrx_word' id='word_1_92' title='bbox 418 1979 510 2039; x_wconf 87' lang='lat' dir='ltr'>procul,</span> <span class='ocrx_word' id='word_1_93' title='bbox 526 1977 672 2037; x_wconf 87' lang='lat' dir='ltr'>dominoque</span> <span class='ocrx_word' id='word_1_94' title='bbox 683 1976 757 2035; x_wconf 88' lang='lat' dir='ltr'>legere</span> <span class='ocrx_word' id='word_1_95' title='bbox 767 1974 890 2036; x_wconf 83' lang='lat' dir='ltr'>superstes,</span> 
     </span>
     <span class='ocr_line' id='line_1_16' title="bbox 275 2072 844 2134; baseline -0.002 -13"><span class='ocrx_word' id='word_1_96' title='bbox 275 2076 298 2121; x_wconf 93' lang='grc'>0</span> <span class='ocrx_word' id='word_1_97' title='bbox 310 2074 370 2122; x_wconf 87' lang='lat' dir='ltr'>mihi</span> <span class='ocrx_word' id='word_1_98' title='bbox 383 2074 483 2122; x_wconf 82' lang='lat' dir='ltr'>bissenos</span> <span class='ocrx_word' id='word_1_99' title='bbox 494 2075 598 2121; x_wconf 87' lang='lat' dir='ltr'>multum</span> <span class='ocrx_word' id='word_1_100' title='bbox 610 2072 707 2134; x_wconf 84' lang='lat' dir='ltr'>vigilata</span> <span class='ocrx_word' id='word_1_101' title='bbox 719 2086 759 2133; x_wconf 85' lang='lat' dir='ltr'>per</span> <span class='ocrx_word' id='word_1_102' title='bbox 769 2086 844 2120; x_wconf 85' lang='lat' dir='ltr'>annos</span> 
     </span>
     <span class='ocr_line' id='line_1_17' title="bbox 273 2168 912 2240; baseline 0.002 -23"><span class='ocrx_word' id='word_1_103' title='bbox 273 2171 388 2218; x_wconf 84' lang='lat' dir='ltr'>Thebai?</span> <span class='ocrx_word' id='word_1_104' title='bbox 403 2170 454 2231; x_wconf 81' lang='lat' dir='ltr'>jam</span> <span class='ocrx_word' id='word_1_105' title='bbox 465 2180 528 2217; x_wconf 87' lang='lat' dir='ltr'>certe</span> <span class='ocrx_word' id='word_1_106' title='bbox 539 2170 638 2231; x_wconf 70' lang='lat' dir='ltr'>praesens</span> <span class='ocrx_word' id='word_1_107' title='bbox 649 2168 694 2217; x_wconf 92' lang='lat' dir='ltr'>tibi</span> <span class='ocrx_word' id='word_1_108' title='bbox 706 2169 770 2215; x_wconf 90' lang='lat' dir='ltr'>sama</span> <span class='ocrx_word' id='word_1_109' title='bbox 781 2170 912 2240; x_wconf 78' lang='lat' dir='ltr'>benignum</span> 
     </span>
     <span class='ocr_line' id='line_1_18' title="bbox 274 2266 912 2329; baseline 0.002 -14"><span class='ocrx_word' id='word_1_110' title='bbox 274 2269 364 2316; x_wconf 86' lang='lat' dir='ltr'>Stravit</span> <span class='ocrx_word' id='word_1_111' title='bbox 375 2268 428 2326; x_wconf 85' lang='lat' dir='ltr'>iter,</span> <span class='ocrx_word' id='word_1_112' title='bbox 444 2268 566 2329; x_wconf 86' lang='lat' dir='ltr'>eoepitque</span> <span class='ocrx_word' id='word_1_113' title='bbox 576 2281 664 2314; x_wconf 84' lang='lat' dir='ltr'>novam</span> <span class='ocrx_word' id='word_1_114' title='bbox 676 2266 805 2313; x_wconf 86' lang='lat' dir='ltr'>monstrare</span> <span class='ocrx_word' id='word_1_115' title='bbox 814 2266 912 2317; x_wconf 75' lang='lat' dir='ltr'>futuris.</span> 
     </span>
     <span class='ocr_line' id='line_1_19' title="bbox 273 2364 868 2432; baseline -0.005 -18"><span class='ocrx_word' id='word_1_116' title='bbox 273 2368 329 2432; x_wconf 91' lang='lat' dir='ltr'>Jam</span> <span class='ocrx_word' id='word_1_117' title='bbox 341 2377 365 2414; x_wconf 90' lang='lat' dir='ltr'>te</span> <span class='ocrx_word' id='word_1_118' title='bbox 376 2365 545 2427; x_wconf 78' lang='lat' dir='ltr'>magnanimus</span> <span class='ocrx_word' id='word_1_119' title='bbox 556 2366 668 2427; x_wconf 87' lang='lat' dir='ltr'>dignatur</span> <span class='ocrx_word' id='word_1_120' title='bbox 679 2364 772 2412; x_wconf 86' lang='lat' dir='ltr'>noscere</span> <span class='ocrx_word' id='word_1_121' title='bbox 782 2364 868 2421; x_wconf 73' lang='lat' dir='ltr'>Caesar,</span> 
     </span>
     <span class='ocr_line' id='line_1_20' title="bbox 213 2462 885 2531; baseline -0.003 -16"><span class='ocrx_word' id='word_1_122' title='bbox 213 2467 259 2531; x_wconf 79' lang='lat'>815</span> <span class='ocrx_word' id='word_1_123' title='bbox 276 2468 338 2514; x_wconf 85' lang='lat' dir='ltr'>Itala</span> <span class='ocrx_word' id='word_1_124' title='bbox 346 2465 399 2527; x_wconf 88' lang='lat' dir='ltr'>jam</span> <span class='ocrx_word' id='word_1_125' title='bbox 410 2465 488 2512; x_wconf 89' lang='lat' dir='ltr'>studio</span> <span class='ocrx_word' id='word_1_126' title='bbox 499 2465 575 2521; x_wconf 82' lang='lat' dir='ltr'>discit,</span> <span class='ocrx_word' id='word_1_127' title='bbox 591 2462 885 2525; x_wconf 80' lang='lat' dir='ltr'>memoratquejuvenrus.</span> 
     </span>
     <span class='ocr_line' id='line_1_21' title="bbox 273 2561 860 2628; baseline -0.007 -15"><span class='ocrx_word' id='word_1_128' title='bbox 273 2567 336 2613; x_wconf 82' lang='lat' dir='ltr'>Vive</span> <span class='ocrx_word' id='word_1_129' title='bbox 347 2578 439 2628; x_wconf 85' lang='lat' dir='ltr'>precor,</span> <span class='ocrx_word' id='word_1_130' title='bbox 456 2577 499 2610; x_wconf 87' lang='lat' dir='ltr'>nec</span> <span class='ocrx_word' id='word_1_131' title='bbox 509 2574 537 2610; x_wconf 92' lang='lat' dir='ltr'>tu</span> <span class='ocrx_word' id='word_1_132' title='bbox 548 2563 655 2610; x_wconf 78' lang='lat' dir='ltr'>divinam</span> <span class='ocrx_word' id='word_1_133' title='bbox 665 2561 773 2610; x_wconf 85' lang='lat' dir='ltr'>AEne&#39;ida</span> <span class='ocrx_word' id='word_1_134' title='bbox 785 2572 860 2620; x_wconf 74' lang='lat' dir='ltr'>tenta,</span> 
     </span>
     <span class='ocr_line' id='line_1_22' title="bbox 273 2661 951 2725; baseline -0.013 -11"><span class='ocrx_word' id='word_1_135' title='bbox 273 2667 318 2714; x_wconf 83' lang='lat' dir='ltr'>Sed</span> <span class='ocrx_word' id='word_1_136' title='bbox 329 2666 400 2725; x_wconf 85' lang='lat' dir='ltr'>longe</span> <span class='ocrx_word' id='word_1_137' title='bbox 411 2664 513 2724; x_wconf 87' lang='lat' dir='ltr'>sequere,</span> <span class='ocrx_word' id='word_1_138' title='bbox 530 2667 551 2709; x_wconf 72' lang='lat' dir='ltr'>dr</span> <span class='ocrx_word' id='word_1_139' title='bbox 562 2661 659 2723; x_wconf 82' lang='lat' dir='ltr'>vestigia</span> <span class='ocrx_word' id='word_1_140' title='bbox 672 2662 763 2721; x_wconf 87' lang='lat' dir='ltr'>semper</span> <span class='ocrx_word' id='word_1_141' title='bbox 773 2662 853 2709; x_wconf 87' lang='lat' dir='ltr'>adora.</span> <span class='ocrx_word' id='word_1_142' title='bbox 950 2682 951 2685; x_wconf 36' lang='lat'>¹</span> 
     </span>
     <span class='ocr_line' id='line_1_23' title="bbox 271 2758 1000 2825; baseline -0.008 -14"><span class='ocrx_word' id='word_1_143' title='bbox 271 2765 335 2811; x_wconf 87' lang='lat' dir='ltr'>Mox</span> <span class='ocrx_word' id='word_1_144' title='bbox 346 2761 401 2822; x_wconf 88' lang='lat' dir='ltr'>tibi,</span> <span class='ocrx_word' id='word_1_145' title='bbox 419 2762 435 2807; x_wconf 90' lang='lat' dir='ltr'>si</span> <span class='ocrx_word' id='word_1_146' title='bbox 447 2760 502 2821; x_wconf 81' lang='lat' dir='ltr'>quia</span> <span class='ocrx_word' id='word_1_147' title='bbox 513 2760 590 2807; x_wconf 89' lang='lat' dir='ltr'>adhuc</span> <span class='ocrx_word' id='word_1_148' title='bbox 600 2759 728 2821; x_wconf 78' lang='lat' dir='ltr'>praetendit</span> <span class='ocrx_word' id='word_1_149' title='bbox 739 2759 821 2806; x_wconf 87' lang='lat' dir='ltr'>nubila</span> <span class='ocrx_word' id='word_1_150' title='bbox 832 2758 902 2820; x_wconf 82' lang='lat' dir='ltr'>liuor,</span> <span class='ocrx_word' id='word_1_151' title='bbox 997 2820 1000 2825; x_wconf 19' lang='grc' dir='ltr'><strong>Δ</strong></span> 
     </span>
     <span class='ocr_line' id='line_1_24' title="bbox 274 2856 939 2921; baseline -0.002 -13"><span class='ocrx_word' id='word_1_152' title='bbox 274 2860 380 2920; x_wconf 84' lang='lat' dir='ltr'>Occidit,</span> <span class='ocrx_word' id='word_1_153' title='bbox 397 2864 419 2907; x_wconf 70' lang='lat' dir='ltr'>tr</span> <span class='ocrx_word' id='word_1_154' title='bbox 430 2857 508 2907; x_wconf 87' lang='lat' dir='ltr'>meriti</span> <span class='ocrx_word' id='word_1_155' title='bbox 520 2857 574 2921; x_wconf 81' lang='lat' dir='ltr'>posi</span> <span class='ocrx_word' id='word_1_156' title='bbox 584 2870 623 2905; x_wconf 85' lang='lat' dir='ltr'>me</span> <span class='ocrx_word' id='word_1_157' title='bbox 633 2856 763 2905; x_wconf 85' lang='lat' dir='ltr'>reserentur</span> <span class='ocrx_word' id='word_1_158' title='bbox 774 2858 883 2909; x_wconf 78' lang='lat' dir='ltr'>honores.</span> <span class='ocrx_word' id='word_1_159' title='bbox 937 2916 939 2919; x_wconf 23' lang='lat'>¹</span> 
     </span>
    </p>
   </div>
   <div class='ocr_carea' id='block_1_5' title="bbox 369 3263 885 3317">
    <p class='ocr_par' dir='ltr' id='par_1_5' title="bbox 369 3263 885 3317">
     <span class='ocr_line' id='line_1_25' title="bbox 369 3263 885 3317; baseline -0.004 -2"><span class='ocrx_word' id='word_1_160' title='bbox 369 3263 688 3317; x_wconf 70' lang='lat' dir='ltr'>&#39;THEBAIDOS</span> <span class='ocrx_word' id='word_1_161' title='bbox 730 3264 885 3313; x_wconf 66' lang='lat' dir='ltr'>flurs.</span> 
     </span>
    </p>
   </div>
   <div class='ocr_carea' id='block_1_6' title="bbox 0 0 1350 4034">
    <p class='ocr_par' dir='ltr' id='par_1_6' title="bbox 0 0 1350 4034">
     <span class='ocr_line' id='line_1_26' title="bbox 0 0 1350 4034; baseline 0 4"><span class='ocrx_word' id='word_1_162' title='bbox 0 0 1350 4034; x_wconf 95' lang='lat' dir='ltr'> </span> 
     </span>
    </p>
   </div>
  </div>
 </body>
</html>
