2692 4034
330 620 682 672 ''frtunatuos
721 622 900 677 utuvrr.
1015 642 1050 699 93

225 781 264 833 745
281 764 356 815 Solvit
367 765 459 829 hyems,
475 774 518 813 aut
529 763 591 814 vidia
603 766 647 813 dtu
658 779 708 813 non
718 765 817 831 pertulit
828 778 903 834 :tuq

280 860 363 908 Desilit
373 857 504 907 horrendus
515 872 601 921 campo
612 858 694 918 timor,
709 873 785 918 annu,
800 861 910 924 virosque

280 960 368 1009 Limite
378 974 428 1008 nnn
442 973 500 1017 uno,
516 959 670 1023 longumque
682 961 767 1010 robora
777 962 857 1011 secum

280 1058 445 1121 precipimus,
461 1059 606 1121 tandemque
615 1058 744 1107 exhaustus
754 1061 850 1111 turbine
859 1060 926 1124 ied'o,

281 1159 332 1204 Aut
341 1156 429 1203 vallem
441 1164 519 1216 carot,
534 1165 576 1203 aut
587 1155 679 1204 medios
689 1156 811 1220 intercipit
821 1171 914 1211 amnes.

226 1265 238 1313 7
241 1265 268 1315 5⁰
282 1254 338 1300 Non
349 1252 415 1301 secus
425 1251 564 1315 ingentique
574 1252 626 1300 viro
636 1247 773 1317 magnoque
782 1268 894 1317 gravatus

280 1350 358 1395 Temo
368 1348 423 1410 deo,
440 1362 505 1397 nuuc
515 1347 570 1410 hnc,
587 1358 652 1397 nunc
662 1349 706 1397 illo
717 1350 743 1397 in
754 1351 866 1413 sauguine
876 1352 959 1405 ferret.

280 1445 329 1508 lpse
339 1446 419 1493 sedens
430 1445 493 1505 telis,
509 1445 645 1508 pariterque
656 1446 774 1495 ministrat
785 1447 884 1497 habenis

259 1560 261 1565 ’
279 1546 377 1595 Deliusr
396 1546 444 1609 ipse
454 1546 524 1593 docet
532 1545 620 1608 jadus,
636 1546 778 1609 adversaque
788 1549 864 1598 flestit

280 1643 382 1705 Spicula,
398 1643 570 1705 ionunamque
580 1641 652 1691 hastis
662 1643 813 1692 venientibus
824 1645 910 1696 aufert.

225 1751 266 1802 755
281 1741 422 1787 Sternuntur
432 1750 507 1799 terrie,
523 1741 633 1789 Menalas
643 1740 724 1803 pedes,
740 1741 864 1806 Antiphus
874 1745 926 1793 alto

280 1841 320 1888 Nil
331 1840 438 1888 defensus
448 1854 520 1903 equo,
535 1840 685 1902 gemitusque
695 1841 837 1891 Heliconide
845 1844 959 1909 Nympha

279 1934 392 1995 AEthion‚
408 1934 516 1998 caeloque
525 1934 623 1983 infamis
633 1936 706 1983 fratre
716 1936 815 1997 Polites,

246 2070 250 2081 .
279 2035 430 2097 Conatusque
440 2032 499 2083 toris
509 2033 621 2084 vittatam
632 2035 747 2099 attingere
757 2038 844 2086 Manto

278 2131 381 2193 Lampus
391 2147 398 2177 t
417 2129 442 2177 in
453 2128 516 2178 hunc
526 2130 601 2179 sacras
614 2130 718 2179 Phoebus
728 2131 794 2181 dedit
804 2132 852 2196 ipse
862 2133 967 2196 sagittae.

225 2227 265 2288 760
280 2234 308 2280 Et
316 2232 369 2294 iam
382 2230 519 2295 cornipedes
530 2231 621 2295 trepida
632 2247 660 2281 oc
670 2233 813 2282 moribundo
823 2236 934 2284 reflantes

277 2333 392 2394 Corpora,
408 2330 527 2379 rimantur
536 2341 618 2390 terrun,
633 2331 758 2395 omnisque
767 2347 811 2396 per
820 2343 888 2380 artus

276 2428 368 2488 sulcus,
385 2432 408 2475 dr
419 2427 497 2476 incide
508 2428 584 2477 altum
595 2430 665 2477 nubet
674 2430 753 2479 orbito
765 2428 889 2479 membru.

275 2526 325 2574 lios
333 2526 386 2589 jam
398 2525 532 2588 ignorantes
543 2527 599 2575 terit
610 2527 701 2589 impius
712 2527 774 2585 axis,
789 2536 815 2574 at
826 2524 862 2575 illi

274 2626 380 2673 Vulnere
390 2625 515 2674 semineces
526 2628 581 2690 (nec
590 2624 696 2673 devitare
705 2623 819 2687 incultas)

219 2720 245 2780 7⁶
248 2734 260 2784 5
275 2723 412 2771 Venturum
423 2723 491 2785 super
501 2737 542 2771 ora
552 2723 643 2772 vident.
656 2722 709 2784 jam
720 2722 812 2772 lubrica
822 2723 880 2772 tabo

273 2820 356 2881 Frena,
374 2833 418 2867 nec
429 2818 501 2869 insisti
512 2820 622 2869 madidus
634 2820 676 2867 dat
686 2831 759 2881 temo,
776 2832 882 2887 rotoeque

272 2918 392 2982 Sanguine
401 2917 521 2977 difficiles,
536 2922 558 2967 lt
568 2917 658 2967 tardior
668 2920 758 2982 ungula
767 2907 832 2968 loliis
919 2966 923 2973 ,

271 3018 415 3070 Visceribus.
432 3030 490 3069 tune
502 3020 549 3083 ipse
559 3018 640 3069 furens
650 3019 677 3068 in
687 3031 764 3069 morte
774 3021 856 3069 relicta

271 3117 376 3179 Spicula,
392 3122 414 3165 dr
424 3116 438 3165 ὲ
447 3116 533 3165 mediis
543 3127 650 3167 “tantm
661 3118 750 3165 ollibus
759 3116 837 3164 hastas

214 3226 257 3276 770
271 3217 378 3266 Avellitt
397 3216 499 3265 stridunt
512 3214 608 3277 animae,
624 3227 771 3276 currumque
780 3212 919 3273 sequuntur.
1002 3281 1004 3285 v

269 3314 381 3367 'l'audtan
391 3315 415 3367 ie
425 3315 518 3367 famulo
527 3316 652 3367 summum
660 3311 778 3364 eouieism
787 3308 886 3375 Apollo,

973 3398 1047 3448 Utm
