<?xml version="1.0" encoding="UTF-8"?>
<!DOCTYPE html PUBLIC "-//W3C//DTD XHTML 1.0 Transitional//EN"
    "http://www.w3.org/TR/xhtml1/DTD/xhtml1-transitional.dtd">
<html xmlns="http://www.w3.org/1999/xhtml" xml:lang="en" lang="en">
 <head>
  <title>
</title>
<meta http-equiv="Content-Type" content="text/html;charset=utf-8" />
  <meta name='ocr-system' content='tesseract 3.04.00' />
  <meta name='ocr-capabilities' content='ocr_page ocr_carea ocr_par ocr_line ocrx_word'/>
</head>
<body>
  <div class='ocr_page' id='page_1' title='image "./publiipapiniist02statgoog_0106.png"; bbox 0 0 2692 4034; ppageno 0'>
   <div class='ocr_carea' id='block_1_1' title="bbox 284 599 951 682">
    <p class='ocr_par' dir='ltr' id='par_1_1' title="bbox 284 599 951 682">
     <span class='ocr_line' id='line_1_1' title="bbox 284 599 951 682; baseline 0.012 -35"><span class='ocrx_word' id='word_1_1' title='bbox 284 613 330 682; x_wconf 72' lang='lat' dir='ltr'>rou</span> <span class='ocrx_word' id='word_1_2' title='bbox 391 664 396 678; x_wconf 28' lang='grc' dir='ltr'>ὓ</span> <span class='ocrx_word' id='word_1_3' title='bbox 440 599 951 657; x_wconf 76' lang='lat' dir='ltr'>P.,PAP1N118TAT11</span> 
     </span>
    </p>
   </div>
   <div class='ocr_carea' id='block_1_2' title="bbox 223 743 1107 3376">
    <p class='ocr_par' dir='ltr' id='par_1_2' title="bbox 223 743 1107 3376">
     <span class='ocr_line' id='line_1_2' title="bbox 345 743 939 809; baseline 0.012 -20"><span class='ocrx_word' id='word_1_4' title='bbox 345 743 459 804; x_wconf 81' lang='lat' dir='ltr'>Explorat</span> <span class='ocrx_word' id='word_1_5' title='bbox 470 743 530 792; x_wconf 81' lang='lat' dir='ltr'>vires</span> <span class='ocrx_word' id='word_1_6' title='bbox 540 746 550 792; x_wconf 90' lang='lat'>?</span> <span class='ocrx_word' id='word_1_7' title='bbox 567 744 643 793; x_wconf 84' lang='lat' dir='ltr'>habeo</span> <span class='ocrx_word' id='word_1_8' title='bbox 650 745 703 807; x_wconf 82' lang='lat' dir='ltr'>jam</span> <span class='ocrx_word' id='word_1_9' title='bbox 713 748 794 809; x_wconf 80' lang='lat' dir='ltr'>qnaffa</span> <span class='ocrx_word' id='word_1_10' title='bbox 804 747 939 809; x_wconf 76' lang='lat' dir='ltr'><strong>Gigantum</strong></span> 
     </span>
     <span class='ocr_line' id='line_1_3' title="bbox 345 843 956 909; baseline 0.007 -18"><span class='ocrx_word' id='word_1_11' title='bbox 345 843 458 903; x_wconf 82' lang='lat' dir='ltr'>Vincula,</span> <span class='ocrx_word' id='word_1_12' title='bbox 475 850 496 892; x_wconf 77' lang='lat' dir='ltr'>tr</span> <span class='ocrx_word' id='word_1_13' title='bbox 508 845 636 894; x_wconf 76' lang='lat' dir='ltr'>aethereum</span> <span class='ocrx_word' id='word_1_14' title='bbox 647 848 748 909; x_wconf 84' lang='lat' dir='ltr'>cupidos</span> <span class='ocrx_word' id='word_1_15' title='bbox 759 847 824 895; x_wconf 86' lang='lat' dir='ltr'>exiro</span> <span class='ocrx_word' id='word_1_16' title='bbox 834 849 956 896; x_wconf 72' lang='lat' dir='ltr'>inhiarem</span> 
     </span>
     <span class='ocr_line' id='line_1_4' title="bbox 345 944 1025 1031; baseline 0.009 -40"><span class='ocrx_word' id='word_1_17' title='bbox 345 944 455 1006; x_wconf 75' lang='lat' dir='ltr'>Titanas,</span> <span class='ocrx_word' id='word_1_18' title='bbox 471 945 630 1008; x_wconf 85' lang='lat' dir='ltr'>miserumque</span> <span class='ocrx_word' id='word_1_19' title='bbox 640 958 741 1031; x_wconf 58' lang='lat' dir='ltr'>patpem.</span> <span class='ocrx_word' id='word_1_20' title='bbox 758 947 817 1009; x_wconf 85' lang='lat' dir='ltr'>quid</span> <span class='ocrx_word' id='word_1_21' title='bbox 828 961 867 994; x_wconf 87' lang='lat' dir='ltr'>me</span> <span class='ocrx_word' id='word_1_22' title='bbox 876 948 928 995; x_wconf 86' lang='lat' dir='ltr'>otia</span> <span class='ocrx_word' id='word_1_23' title='bbox 937 947 1025 997; x_wconf 70' lang='lat' dir='ltr'>moesta</span> 
     </span>
     <span class='ocr_line' id='line_1_5' title="bbox 299 1043 1107 1117; baseline 0.001 -26"><span class='ocrx_word' id='word_1_24' title='bbox 299 1058 330 1109; x_wconf 78' lang='lat'>45</span> <span class='ocrx_word' id='word_1_25' title='bbox 347 1045 437 1103; x_wconf 76' lang='lat' dir='ltr'>Savus,</span> <span class='ocrx_word' id='word_1_26' title='bbox 454 1049 475 1092; x_wconf 73' lang='lat' dir='ltr'>tr</span> <span class='ocrx_word' id='word_1_27' title='bbox 486 1045 639 1107; x_wconf 80' lang='lat' dir='ltr'>implacidam</span> <span class='ocrx_word' id='word_1_28' title='bbox 651 1044 761 1106; x_wconf 75' lang='lat' dir='ltr'>prohibet</span> <span class='ocrx_word' id='word_1_29' title='bbox 771 1044 873 1106; x_wconf 79' lang='lat' dir='ltr'>perferre</span> <span class='ocrx_word' id='word_1_30' title='bbox 882 1043 1010 1106; x_wconf 82' lang='lat' dir='ltr'>quietem?</span> <span class='ocrx_word' id='word_1_31' title='bbox 1105 1112 1107 1117; x_wconf 28' lang='grc' dir='ltr'>Ι</span> 
     </span>
     <span class='ocr_line' id='line_1_6' title="bbox 346 1141 987 1205; baseline 0 -15"><span class='ocrx_word' id='word_1_32' title='bbox 346 1142 514 1205; x_wconf 80' lang='lat' dir='ltr'>Amiss‘umque</span> <span class='ocrx_word' id='word_1_33' title='bbox 524 1143 595 1190; x_wconf 83' lang='lat' dir='ltr'>odisse</span> <span class='ocrx_word' id='word_1_34' title='bbox 606 1141 668 1190; x_wconf 89' lang='lat' dir='ltr'>diem</span> <span class='ocrx_word' id='word_1_35' title='bbox 679 1145 689 1190; x_wconf 72' lang='lat' dir='ltr'>l</span> <span class='ocrx_word' id='word_1_36' title='bbox 705 1143 810 1204; x_wconf 87' lang='lat' dir='ltr'>pandam</span> <span class='ocrx_word' id='word_1_37' title='bbox 821 1142 906 1191; x_wconf 85' lang='lat' dir='ltr'>omnia</span> <span class='ocrx_word' id='word_1_38' title='bbox 914 1155 987 1204; x_wconf 83' lang='lat' dir='ltr'>regna</span> 
     </span>
     <span class='ocr_line' id='line_1_7' title="bbox 346 1239 969 1306; baseline 0.002 -18"><span class='ocrx_word' id='word_1_39' title='bbox 346 1243 370 1288; x_wconf 86' lang='lat' dir='ltr'>Si</span> <span class='ocrx_word' id='word_1_40' title='bbox 382 1243 468 1303; x_wconf 80' lang='lat' dir='ltr'>placet,</span> <span class='ocrx_word' id='word_1_41' title='bbox 484 1246 506 1288; x_wconf 78' lang='lat' dir='ltr'>tr</span> <span class='ocrx_word' id='word_1_42' title='bbox 517 1240 598 1306; x_wconf 73' lang='lat' dir='ltr'>Stygio</span> <span class='ocrx_word' id='word_1_43' title='bbox 608 1249 738 1302; x_wconf 64' lang='lat' dir='ltr'>proteram</span> <span class='ocrx_word' id='word_1_44' title='bbox 749 1239 888 1302; x_wconf 76' lang='lat' dir='ltr'>Hyperiona</span> <span class='ocrx_word' id='word_1_45' title='bbox 897 1241 969 1289; x_wconf 79' lang='lat' dir='ltr'>coelo.</span> 
     </span>
     <span class='ocr_line' id='line_1_8' title="bbox 345 1335 1039 1401; baseline -0.001 -14"><span class='ocrx_word' id='word_1_46' title='bbox 345 1340 439 1387; x_wconf 81' lang='lat' dir='ltr'>Arcada</span> <span class='ocrx_word' id='word_1_47' title='bbox 450 1353 493 1386; x_wconf 88' lang='lat' dir='ltr'>nec</span> <span class='ocrx_word' id='word_1_48' title='bbox 504 1337 600 1401; x_wconf 77' lang='lat' dir='ltr'>Superis</span> <span class='ocrx_word' id='word_1_49' title='bbox 610 1337 681 1401; x_wconf 85' lang='lat' dir='ltr'>(quid</span> <span class='ocrx_word' id='word_1_50' title='bbox 691 1337 757 1384; x_wconf 87' lang='lat' dir='ltr'>enim</span> <span class='ocrx_word' id='word_1_51' title='bbox 767 1336 827 1384; x_wconf 88' lang='lat' dir='ltr'>mihi</span> <span class='ocrx_word' id='word_1_52' title='bbox 838 1335 942 1384; x_wconf 86' lang='lat' dir='ltr'>nuncius</span> <span class='ocrx_word' id='word_1_53' title='bbox 952 1338 1039 1390; x_wconf 77' lang='lat' dir='ltr'>ambae</span> 
     </span>
     <span class='ocr_line' id='line_1_9' title="bbox 344 1419 1072 1504; baseline 0.005 -16"><span class='ocrx_word' id='word_1_54' title='bbox 344 1419 414 1503; x_wconf 71' lang='lat' dir='ltr'>itque</span> <span class='ocrx_word' id='word_1_55' title='bbox 425 1441 533 1504; x_wconf 87' lang='lat' dir='ltr'>reditque</span> <span class='ocrx_word' id='word_1_56' title='bbox 544 1443 628 1489; x_wconf 76' lang='lat' dir='ltr'>domoc</span> <span class='ocrx_word' id='word_1_57' title='bbox 636 1441 657 1502; x_wconf 78' lang='lat' dir='ltr'>i)</span> <span class='ocrx_word' id='word_1_58' title='bbox 673 1440 794 1500; x_wconf 84' lang='lat' dir='ltr'>emittam,</span> <span class='ocrx_word' id='word_1_59' title='bbox 808 1445 830 1488; x_wconf 77' lang='lat' dir='ltr'>tr</span> <span class='ocrx_word' id='word_1_60' title='bbox 840 1449 972 1502; x_wconf 85' lang='lat' dir='ltr'>utrumque</span> <span class='ocrx_word' id='word_1_61' title='bbox 983 1441 1072 1492; x_wconf 78' lang='lat' dir='ltr'>tenebo</span> 
     </span>
     <span class='ocr_line' id='line_1_10' title="bbox 223 1538 933 1606; baseline -0.007 -17"><span class='ocrx_word' id='word_1_62' title='bbox 223 1560 225 1570; x_wconf 93' lang='lat'>·</span> <span class='ocrx_word' id='word_1_63' title='bbox 300 1555 331 1606; x_wconf 81' lang='lat'>50</span> <span class='ocrx_word' id='word_1_64' title='bbox 346 1539 507 1601; x_wconf 82' lang='lat' dir='ltr'>Tyndariden.</span> <span class='ocrx_word' id='word_1_65' title='bbox 524 1549 657 1587; x_wconf 84' lang='lat' dir='ltr'>curantem</span> <span class='ocrx_word' id='word_1_66' title='bbox 669 1538 744 1586; x_wconf 79' lang='lat' dir='ltr'>uvidis</span> <span class='ocrx_word' id='word_1_67' title='bbox 755 1538 933 1598; x_wconf 81' lang='lat' dir='ltr'>lxionairango</span> 
     </span>
     <span class='ocr_line' id='line_1_11' title="bbox 345 1634 989 1698; baseline -0.002 -15"><span class='ocrx_word' id='word_1_68' title='bbox 345 1637 502 1684; x_wconf 81' lang='lat' dir='ltr'>Vorticibus?</span> <span class='ocrx_word' id='word_1_69' title='bbox 520 1651 563 1683; x_wconf 89' lang='lat' dir='ltr'>cur</span> <span class='ocrx_word' id='word_1_70' title='bbox 573 1649 620 1684; x_wconf 91' lang='lat' dir='ltr'>non</span> <span class='ocrx_word' id='word_1_71' title='bbox 632 1637 759 1698; x_wconf 71' lang='lat' dir='ltr'>expediant</span> <span class='ocrx_word' id='word_1_72' title='bbox 768 1636 889 1684; x_wconf 75' lang='lat' dir='ltr'>Tantalon</span> <span class='ocrx_word' id='word_1_73' title='bbox 900 1634 989 1682; x_wconf 77' lang='lat' dir='ltr'>undat?</span> 
     </span>
     <span class='ocr_line' id='line_1_12' title="bbox 343 1732 916 1796; baseline -0.009 -11"><span class='ocrx_word' id='word_1_74' title='bbox 343 1739 414 1785; x_wconf 82' lang='lat' dir='ltr'>Anne</span> <span class='ocrx_word' id='word_1_75' title='bbox 425 1735 577 1796; x_wconf 79' lang='lat' dir='ltr'>profanatum</span> <span class='ocrx_word' id='word_1_76' title='bbox 587 1732 658 1782; x_wconf 83' lang='lat' dir='ltr'>toties</span> <span class='ocrx_word' id='word_1_77' title='bbox 668 1733 748 1780; x_wconf 76' lang='lat' dir='ltr'>chaos</span> <span class='ocrx_word' id='word_1_78' title='bbox 758 1733 850 1795; x_wconf 80' lang='lat' dir='ltr'>hospite</span> <span class='ocrx_word' id='word_1_79' title='bbox 859 1732 916 1782; x_wconf 84' lang='lat' dir='ltr'>uiro</span> 
     </span>
     <span class='ocr_line' id='line_1_13' title="bbox 278 1832 880 1898; baseline -0.002 -15"><span class='ocrx_word' id='word_1_80' title='bbox 278 1881 283 1889; x_wconf 93' lang='grc'>,</span> <span class='ocrx_word' id='word_1_81' title='bbox 343 1834 483 1898; x_wconf 83' lang='lat' dir='ltr'>Perpetiar?</span> <span class='ocrx_word' id='word_1_82' title='bbox 499 1849 540 1884; x_wconf 92' lang='lat' dir='ltr'>me</span> <span class='ocrx_word' id='word_1_83' title='bbox 549 1832 649 1882; x_wconf 82' lang='lat' dir='ltr'>Pirithoi</span> <span class='ocrx_word' id='word_1_84' title='bbox 660 1833 800 1882; x_wconf 85' lang='lat' dir='ltr'>temerarius</span> <span class='ocrx_word' id='word_1_85' title='bbox 810 1832 880 1882; x_wconf 85' lang='lat' dir='ltr'>ardor</span> 
     </span>
     <span class='ocr_line' id='line_1_14' title="bbox 343 1930 893 1995; baseline 0 -14"><span class='ocrx_word' id='word_1_86' title='bbox 343 1935 442 1993; x_wconf 83' lang='lat' dir='ltr'>Tentat,</span> <span class='ocrx_word' id='word_1_87' title='bbox 458 1939 481 1982; x_wconf 80' lang='lat' dir='ltr'>te</span> <span class='ocrx_word' id='word_1_88' title='bbox 491 1933 576 1982; x_wconf 82' lang='lat' dir='ltr'>audaci</span> <span class='ocrx_word' id='word_1_89' title='bbox 587 1933 692 1981; x_wconf 86' lang='lat' dir='ltr'>Theseus</span> <span class='ocrx_word' id='word_1_90' title='bbox 699 1933 793 1995; x_wconf 80' lang='lat' dir='ltr'>juratur</span> <span class='ocrx_word' id='word_1_91' title='bbox 805 1930 893 1992; x_wconf 82' lang='lat' dir='ltr'>amico.</span> 
     </span>
     <span class='ocr_line' id='line_1_15' title="bbox 299 2029 917 2096; baseline -0.003 -18"><span class='ocrx_word' id='word_1_92' title='bbox 299 2044 329 2096; x_wconf 76' lang='lat'>35</span> <span class='ocrx_word' id='word_1_93' title='bbox 346 2031 388 2078; x_wconf 87' lang='lat' dir='ltr'>Me</span> <span class='ocrx_word' id='word_1_94' title='bbox 399 2032 462 2078; x_wconf 83' lang='lat' dir='ltr'>ierus</span> <span class='ocrx_word' id='word_1_95' title='bbox 473 2030 570 2078; x_wconf 80' lang='lat' dir='ltr'>Alcides</span> <span class='ocrx_word' id='word_1_96' title='bbox 580 2039 638 2081; x_wconf 87' lang='lat' dir='ltr'>tunc</span> <span class='ocrx_word' id='word_1_97' title='bbox 649 2043 707 2078; x_wconf 87' lang='lat' dir='ltr'>cum</span> <span class='ocrx_word' id='word_1_98' title='bbox 718 2029 814 2078; x_wconf 86' lang='lat' dir='ltr'>custode</span> <span class='ocrx_word' id='word_1_99' title='bbox 824 2037 917 2087; x_wconf 75' lang='lat' dir='ltr'>remoto</span> 
     </span>
     <span class='ocr_line' id='line_1_16' title="bbox 343 2128 884 2190; baseline -0.004 -11"><span class='ocrx_word' id='word_1_100' title='bbox 343 2133 426 2179; x_wconf 78' lang='lat' dir='ltr'>Ferrea</span> <span class='ocrx_word' id='word_1_101' title='bbox 436 2131 556 2179; x_wconf 80' lang='lat' dir='ltr'>Cerbereae</span> <span class='ocrx_word' id='word_1_102' title='bbox 567 2138 694 2181; x_wconf 86' lang='lat' dir='ltr'>tacuerunt</span> <span class='ocrx_word' id='word_1_103' title='bbox 704 2128 789 2178; x_wconf 82' lang='lat' dir='ltr'>limina</span> <span class='ocrx_word' id='word_1_104' title='bbox 799 2138 884 2190; x_wconf 67' lang='lat' dir='ltr'>porta.</span> 
     </span>
     <span class='ocr_line' id='line_1_17' title="bbox 342 2228 895 2295; baseline -0.002 -16"><span class='ocrx_word' id='word_1_105' title='bbox 342 2231 447 2294; x_wconf 84' lang='lat' dir='ltr'>Odrysrit</span> <span class='ocrx_word' id='word_1_106' title='bbox 456 2231 531 2280; x_wconf 80' lang='lat' dir='ltr'>etiam</span> <span class='ocrx_word' id='word_1_107' title='bbox 541 2231 615 2295; x_wconf 89' lang='lat' dir='ltr'>pudet</span> <span class='ocrx_word' id='word_1_108' title='bbox 626 2231 670 2280; x_wconf 86' lang='lat' dir='ltr'>heu</span> <span class='ocrx_word' id='word_1_109' title='bbox 682 2230 783 2294; x_wconf 77' lang='lat' dir='ltr'>patritie</span> <span class='ocrx_word' id='word_1_110' title='bbox 792 2228 895 2294; x_wconf 70' lang='lat' dir='ltr'>querelis</span> 
     </span>
     <span class='ocr_line' id='line_1_18' title="bbox 342 2329 1006 2393; baseline 0 -15"><span class='ocrx_word' id='word_1_111' title='bbox 342 2331 451 2380; x_wconf 81' lang='lat' dir='ltr'>Tartara.</span> <span class='ocrx_word' id='word_1_112' title='bbox 468 2331 518 2380; x_wconf 85' lang='lat' dir='ltr'>uidl</span> <span class='ocrx_word' id='word_1_113' title='bbox 530 2341 623 2393; x_wconf 80' lang='lat' dir='ltr'>egomet</span> <span class='ocrx_word' id='word_1_114' title='bbox 634 2331 722 2382; x_wconf 78' lang='lat' dir='ltr'>blanda</span> <span class='ocrx_word' id='word_1_115' title='bbox 733 2331 796 2379; x_wconf 86' lang='lat' dir='ltr'>inter</span> <span class='ocrx_word' id='word_1_116' title='bbox 805 2329 912 2379; x_wconf 76' lang='lat' dir='ltr'>carmide</span> <span class='ocrx_word' id='word_1_117' title='bbox 922 2337 1006 2392; x_wconf 82' lang='lat' dir='ltr'>turpet</span> 
     </span>
     <span class='ocr_line' id='line_1_19' title="bbox 341 2427 1012 2492; baseline 0.006 -16"><span class='ocrx_word' id='word_1_118' title='bbox 341 2429 503 2477; x_wconf 86' lang='lat' dir='ltr'>Eumenidum</span> <span class='ocrx_word' id='word_1_119' title='bbox 514 2428 655 2492; x_wconf 79' lang='lat' dir='ltr'>lachrymas,</span> <span class='ocrx_word' id='word_1_120' title='bbox 672 2427 804 2491; x_wconf 84' lang='lat' dir='ltr'>iterataque</span> <span class='ocrx_word' id='word_1_121' title='bbox 814 2428 885 2490; x_wconf 82' lang='lat' dir='ltr'>pensa</span> <span class='ocrx_word' id='word_1_122' title='bbox 895 2429 1012 2481; x_wconf 81' lang='lat' dir='ltr'>iororurn.</span> 
     </span>
     <span class='ocr_line' id='line_1_20' title="bbox 277 2523 929 2588; baseline 0.002 -14"><span class='ocrx_word' id='word_1_123' title='bbox 277 2557 279 2564; x_wconf 89' lang='lat'>·</span> <span class='ocrx_word' id='word_1_124' title='bbox 294 2523 326 2574; x_wconf 84' lang='lat'>⁶0</span> <span class='ocrx_word' id='word_1_125' title='bbox 343 2525 385 2572; x_wconf 85' lang='lat' dir='ltr'>Me</span> <span class='ocrx_word' id='word_1_126' title='bbox 396 2539 501 2588; x_wconf 87' lang='lat' dir='ltr'>quoque.</span> <span class='ocrx_word' id='word_1_127' title='bbox 517 2527 555 2575; x_wconf 86' lang='lat' dir='ltr'>sed</span> <span class='ocrx_word' id='word_1_128' title='bbox 566 2525 631 2574; x_wconf 82' lang='lat' dir='ltr'>durre</span> <span class='ocrx_word' id='word_1_129' title='bbox 642 2525 727 2573; x_wconf 90' lang='lat' dir='ltr'>melior</span> <span class='ocrx_word' id='word_1_130' title='bbox 736 2524 851 2573; x_wconf 83' lang='lat' dir='ltr'>violentia</span> <span class='ocrx_word' id='word_1_131' title='bbox 861 2525 929 2587; x_wconf 84' lang='lat' dir='ltr'>legis.</span> 
     </span>
     <span class='ocr_line' id='line_1_21' title="bbox 340 2621 919 2683; baseline 0.003 -15"><span class='ocrx_word' id='word_1_132' title='bbox 340 2621 385 2669; x_wconf 80' lang='lat' dir='ltr'>Ast</span> <span class='ocrx_word' id='word_1_133' title='bbox 395 2636 440 2683; x_wconf 86' lang='lat' dir='ltr'>ego</span> <span class='ocrx_word' id='word_1_134' title='bbox 450 2622 492 2671; x_wconf 86' lang='lat' dir='ltr'>vix</span> <span class='ocrx_word' id='word_1_135' title='bbox 503 2637 587 2682; x_wconf 85' lang='lat' dir='ltr'>unum,</span> <span class='ocrx_word' id='word_1_136' title='bbox 605 2638 647 2672; x_wconf 89' lang='lat' dir='ltr'>nec</span> <span class='ocrx_word' id='word_1_137' title='bbox 659 2624 718 2672; x_wconf 84' lang='lat' dir='ltr'>celsa</span> <span class='ocrx_word' id='word_1_138' title='bbox 728 2625 759 2671; x_wconf 78' lang='lat' dir='ltr'>ad</span> <span class='ocrx_word' id='word_1_139' title='bbox 770 2623 842 2671; x_wconf 83' lang='lat' dir='ltr'>iidera</span> <span class='ocrx_word' id='word_1_140' title='bbox 852 2622 919 2670; x_wconf 78' lang='lat' dir='ltr'>furto</span> 
     </span>
     <span class='ocr_line' id='line_1_22' title="bbox 340 2719 897 2785; baseline 0.007 -18"><span class='ocrx_word' id='word_1_141' title='bbox 340 2719 419 2767; x_wconf 73' lang='lat' dir='ltr'>Ausus</span> <span class='ocrx_word' id='word_1_142' title='bbox 431 2719 483 2776; x_wconf 84' lang='lat' dir='ltr'>iter,</span> <span class='ocrx_word' id='word_1_143' title='bbox 500 2720 580 2768; x_wconf 90' lang='lat' dir='ltr'>Siculo</span> <span class='ocrx_word' id='word_1_144' title='bbox 592 2722 660 2783; x_wconf 88' lang='lat' dir='ltr'>rapui</span> <span class='ocrx_word' id='word_1_145' title='bbox 671 2723 793 2770; x_wconf 83' lang='lat' dir='ltr'>connubia</span> <span class='ocrx_word' id='word_1_146' title='bbox 802 2735 897 2785; x_wconf 86' lang='lat' dir='ltr'>campo,</span> 
     </span>
     <span class='ocr_line' id='line_1_23' title="bbox 340 2816 931 2888; baseline 0.007 -24"><span class='ocrx_word' id='word_1_147' title='bbox 340 2819 392 2865; x_wconf 84' lang='lat' dir='ltr'>Nec</span> <span class='ocrx_word' id='word_1_148' title='bbox 401 2816 492 2865; x_wconf 87' lang='lat' dir='ltr'>licuisse</span> <span class='ocrx_word' id='word_1_149' title='bbox 502 2818 590 2878; x_wconf 88' lang='lat' dir='ltr'>ierunt,</span> <span class='ocrx_word' id='word_1_150' title='bbox 607 2819 748 2884; x_wconf 71' lang='lat' dir='ltr'>injustaque</span> <span class='ocrx_word' id='word_1_151' title='bbox 759 2823 789 2870; x_wconf 80' lang='lat' dir='ltr'>ab</span> <span class='ocrx_word' id='word_1_152' title='bbox 799 2824 861 2888; x_wconf 75' lang='lat' dir='ltr'>Jove</span> <span class='ocrx_word' id='word_1_153' title='bbox 868 2823 931 2883; x_wconf 78' lang='lat' dir='ltr'>leget</span> 
     </span>
     <span class='ocr_line' id='line_1_24' title="bbox 340 2919 1033 2983; baseline 0.003 -13"><span class='ocrx_word' id='word_1_154' title='bbox 340 2919 462 2976; x_wconf 87' lang='lat' dir='ltr'>Protinus,</span> <span class='ocrx_word' id='word_1_155' title='bbox 478 2923 500 2966; x_wconf 75' lang='lat' dir='ltr'>tr</span> <span class='ocrx_word' id='word_1_156' title='bbox 511 2919 599 2971; x_wconf 74' lang='lat' dir='ltr'>setium</span> <span class='ocrx_word' id='word_1_157' title='bbox 612 2919 715 2981; x_wconf 77' lang='lat' dir='ltr'>genitrix</span> <span class='ocrx_word' id='word_1_158' title='bbox 724 2921 784 2969; x_wconf 89' lang='lat' dir='ltr'>mihi</span> <span class='ocrx_word' id='word_1_159' title='bbox 795 2929 920 2983; x_wconf 84' lang='lat' dir='ltr'>computat</span> <span class='ocrx_word' id='word_1_160' title='bbox 930 2932 1033 2983; x_wconf 74' lang='lat' dir='ltr'>anunm·</span> 
     </span>
     <span class='ocr_line' id='line_1_25' title="bbox 293 3014 962 3080; baseline -0.006 -14"><span class='ocrx_word' id='word_1_161' title='bbox 293 3016 323 3080; x_wconf 81' lang='lat'>65</span> <span class='ocrx_word' id='word_1_162' title='bbox 341 3016 384 3062; x_wconf 83' lang='lat' dir='ltr'>Sed</span> <span class='ocrx_word' id='word_1_163' title='bbox 396 3014 454 3078; x_wconf 86' lang='lat' dir='ltr'>quid</span> <span class='ocrx_word' id='word_1_164' title='bbox 466 3027 510 3077; x_wconf 87' lang='lat' dir='ltr'>ego</span> <span class='ocrx_word' id='word_1_165' title='bbox 521 3014 587 3062; x_wconf 77' lang='lat' dir='ltr'>hac!</span> <span class='ocrx_word' id='word_1_166' title='bbox 606 3015 623 3073; x_wconf 92' lang='lat' dir='ltr'>i,</span> <span class='ocrx_word' id='word_1_167' title='bbox 639 3017 766 3064; x_wconf 79' lang='lat' dir='ltr'>Tartareas</span> <span class='ocrx_word' id='word_1_168' title='bbox 778 3016 888 3068; x_wconf 81' lang='lat' dir='ltr'>ulciscere</span> <span class='ocrx_word' id='word_1_169' title='bbox 897 3015 962 3064; x_wconf 81' lang='lat' dir='ltr'>sodet</span> 
     </span>
     <span class='ocr_line' id='line_1_26' title="bbox 337 3115 989 3180; baseline 0.005 -17"><span class='ocrx_word' id='word_1_170' title='bbox 337 3115 475 3176; x_wconf 75' lang='lat' dir='ltr'>Tisiphone,</span> <span class='ocrx_word' id='word_1_171' title='bbox 492 3121 514 3164; x_wconf 79' lang='lat' dir='ltr'>tc</span> <span class='ocrx_word' id='word_1_172' title='bbox 525 3117 540 3163; x_wconf 77' lang='lat' dir='ltr'>ss</span> <span class='ocrx_word' id='word_1_173' title='bbox 553 3116 650 3177; x_wconf 88' lang='lat' dir='ltr'>quando</span> <span class='ocrx_word' id='word_1_174' title='bbox 661 3116 730 3165; x_wconf 80' lang='lat' dir='ltr'>novit</span> <span class='ocrx_word' id='word_1_175' title='bbox 739 3117 865 3180; x_wconf 87' lang='lat' dir='ltr'>asperrima</span> <span class='ocrx_word' id='word_1_176' title='bbox 875 3115 989 3166; x_wconf 70' lang='lat' dir='ltr'>monstris</span> 
     </span>
     <span class='ocr_line' id='line_1_27' title="bbox 338 3207 1070 3274; baseline 0.005 -18"><span class='ocrx_word' id='word_1_177' title='bbox 338 3207 425 3265; x_wconf 79' lang='lat' dir='ltr'>Triste,</span> <span class='ocrx_word' id='word_1_178' title='bbox 442 3208 570 3269; x_wconf 85' lang='lat' dir='ltr'>insuetum,</span> <span class='ocrx_word' id='word_1_179' title='bbox 586 3210 679 3272; x_wconf 82' lang='lat' dir='ltr'>ingens,</span> <span class='ocrx_word' id='word_1_180' title='bbox 695 3211 760 3272; x_wconf 88' lang='lat' dir='ltr'>quod</span> <span class='ocrx_word' id='word_1_181' title='bbox 772 3212 879 3259; x_wconf 89' lang='lat' dir='ltr'>nondum</span> <span class='ocrx_word' id='word_1_182' title='bbox 890 3209 1070 3274; x_wconf 63' lang='lat' dir='ltr'>rideritaethen</span> 
     </span>
     <span class='ocr_line' id='line_1_28' title="bbox 337 3303 1000 3376; baseline 0.011 -22"><span class='ocrx_word' id='word_1_183' title='bbox 337 3303 386 3354; x_wconf 80' lang='lat' dir='ltr'>Ede</span> <span class='ocrx_word' id='word_1_184' title='bbox 397 3305 472 3364; x_wconf 76' lang='lat' dir='ltr'>nefas,</span> <span class='ocrx_word' id='word_1_185' title='bbox 487 3307 553 3368; x_wconf 78' lang='lat' dir='ltr'>quod</span> <span class='ocrx_word' id='word_1_186' title='bbox 565 3307 638 3357; x_wconf 85' lang='lat' dir='ltr'>miter</span> <span class='ocrx_word' id='word_1_187' title='bbox 649 3322 702 3374; x_wconf 75' lang='lat' dir='ltr'>ego,</span> <span class='ocrx_word' id='word_1_188' title='bbox 718 3308 890 3376; x_wconf 81' lang='lat' dir='ltr'>invideantque</span> <span class='ocrx_word' id='word_1_189' title='bbox 899 3310 1000 3368; x_wconf 75' lang='lat' dir='ltr'>iorortt⁴</span> 
     </span>
    </p>
   </div>
   <div class='ocr_carea' id='block_1_3' title="bbox 1036 3417 1119 3474">
    <p class='ocr_par' dir='ltr' id='par_1_3' title="bbox 1036 3417 1119 3474">
     <span class='ocr_line' id='line_1_29' title="bbox 1036 3417 1119 3474; baseline 0.036 -3"><span class='ocrx_word' id='word_1_190' title='bbox 1036 3417 1119 3474; x_wconf 46' lang='lat' dir='ltr'>Atqnt,</span> 
     </span>
    </p>
   </div>
   <div class='ocr_carea' id='block_1_4' title="bbox 0 0 1350 4034">
    <p class='ocr_par' dir='ltr' id='par_1_4' title="bbox 0 0 1350 4034">
     <span class='ocr_line' id='line_1_30' title="bbox 0 0 1350 4034; baseline 0 0"><span class='ocrx_word' id='word_1_191' title='bbox 0 0 1350 4034; x_wconf 95' lang='lat' dir='ltr'> </span> 
     </span>
    </p>
   </div>
  </div>
 </body>
</html>
