2692 4034
342 617 876 685 rirnnarnos'nra.v111.
979 631 1038 699 125·

256 779 317 829 Ecce
328 778 391 826 secat
402 775 535 838 Zephyros,
551 759 671 835 ingentem
682 769 790 819 sraxinur
801 769 863 822 iram

155 857 157 948 q
255 881 436 940 Fortunamque
445 875 531 934 serena,
547 873 588 922 teli
599 887 648 922 non
658 873 748 921 eminet
758 874 849 924 auster.

155 963 157 974 ⁴
255 974 377 1024 Astaciden
388 971 544 1034 Menalippus
554 979 612 1018 erat.
629 983 672 1018 nee
683 969 789 1033 prodidit
799 968 856 1033 ipse,

204 1081 242 1130 πο
255 1071 284 1118 Et
293 1071 365 1118 uellet
372 1067 467 1117 latuisse
475 1079 583 1114 manum.
599 1065 636 1114 sed
647 1065 733 1126 gaudia
744 1076 831 1116 turma

254 1166 420 1216 Monstnbant
429 1164 557 1228 trepidum.
574 1179 629 1212 nam
640 1165 717 1211 flexus
729 1163 754 1211 in
765 1163 807 1212 iria
818 1165 914 1228 Tydeus

254 1265 399 1314 submissum
411 1264 483 1322 latus,
499 1267 521 1320 sc
532 1262 607 1324 clypei
616 1261 737 1310 laxaverat
747 1261 837 1311 orbem.

254 1365 389 1416 Clamorem
400 1361 475 1410 Aonii
486 1361 585 1409 miscent
595 1359 761 1422 gemitumque
770 1361 869 1424 Pelasgi,

254 1459 427 1521 obiectantque
438 1471 532 1514 manus,
548 1431 762 1518 indignantemque
770 1464 876 1508 tuentur.

201 1568 240 1622 725
255 1557 296 1605 lile
304 1570 348 1620 per
358 1555 487 1618 oppositos,
503 1555 573 1615 longe
584 1549 694 1610 rimatus,
710 1565 820 1602 amarum

254 1655 387 1716 Astaciden,
402 1653 461 1704 totis
473 1653 559 1702 anima.-
569 1651 592 1700 se
602 1651 666 1714 cogit
677 1649 702 1699 in
713 1651 789 1702 icium

252 1752 387 1816 Relliquiis,
403 1752 526 1813 telumque
534 1749 602 1812 jacit,
618 1750 683 1812 quod
694 1749 817 1811 proximus
828 1751 936 1815 Hopleus

252 1851 393 1908 Praebuerat,
409 1849 470 1911 perit
480 1850 598 1911 expressus
609 1847 736 1894 conamine
744 1848 846 1909 sanguia.
873 1841 878 1848 “

251 1949 317 1998 Tune
329 1948 407 1997 trisiea
418 1945 472 1996 socii
485 1947 600 2010 cupidum
612 1947 706 2004 bellare,
723 1945 788 2010 (quis
799 1947 895 2009 ardori)

198 2056 238 2105 730
251 2045 279 2092 Et
288 2046 424 2109 poscentem
434 2026 519 2106 hastas,
536 2043 662 2108 mediaque
673 2042 786 2092 in‘morte
796 2055 922 2107 negantem

249 2147 378 2210 inspirare,
394 2145 500 2204 trahunt,
515 2145 650 2208 summique
661 2143 687 2193 in
698 2146 804 2209 margine
813 2149 893 2213 campi

248 2247 365 2296 Effultum
376 2243 471 2308 gemina
481 2245 554 2292 latera
565 2245 705 2293 inclinantia
716 2261 799 2308 parma

247 2343 350 2401 Ponunt,
366 2355 395 2390 ae
407 2339 461 2390 saevi
473 2339 604 2388 rediturum
616 2341 645 2388 ad
656 2341 738 2403 praelia
748 2341 835 2393 Martie

247 2442 393 2492 promittunt
404 2441 495 2492 flentes.
510 2439 547 2488 sed
560 2445 582 2488 tr
593 2439 640 2502 ipse
650 2441 757 2488 recedere
766 2442 865 2499 curium,

192 2551 233 2614 735
248 2539 401 2603 Ingentesque
412 2535 504 2584 animer
515 2545 622 2584 extremo
631 2536 720 2598 frigore
729 2535 777 2583 labi

247 2637 326 2695 Sensit,
344 2641 366 2684 ει
378 2634 477 2685 innixus
487 2645 564 2693 terrie,
580 2634 729 2693 miserescite,
739 2635 842 2697 elamat,

245 2733 372 2784 inachidoe.
388 2747 437 2784 non
447 2735 493 2782 ossa
503 2747 587 2797 precor
596 2735 728 2782 reiciantur
739 2743 766 2783 ut
777 2737 863 2799 Argue,
957 2738 963 2747 ⁴

244 2833 389 2881 AEtolumve
398 2832 488 2879 larem:
505 2844 549 2878 nee
560 2819 623 2878 enim
635 2830 696 2879 mihi
707 2845 763 2879 eura
773 2832 875 2896 supremi

244 2929 351 2980 Funeris.
366 2929 407 2980 odi
419 2941 493 2990 artua,
509 2928 664 2992 fragilemque
674 2929 738 2981 hunc
749 2932 854 2995 corporis
864 2933 933 2981 usum

189 3038 231 3096 740
246 3027 392 3076 Desertorem
404 3025 488 3076 animi.
503 3035 585 3089 eaput,
600 3024 705 3088 sreaput,
721 3025 806 3076 amitii
816 3029 832 3075 fi
844 3025 900 3088 quie

243 3123 371 3186 Adponet‚
389 3121 536 3186 Menalippe,
552 3131 631 3182 tuum,
646 3137 703 3170 uam
714 3121 814 3170 volueris
825 3119 897 3178 aruir,

241 3219 301 3268 Fido
312 3220 433 3284 equidem.
449 3234 493 3269 nee
503 3235 543 3270 me
552 3219 628 3270 virtue
639 3221 747 3284 suprema
758 3217 850 3266 sesellit.

237 3317 250 3368 1
259 3329 353 3384 precor,
369 3315 438 3370 Atrei
449 3319 465 3367 sr
477 3317 536 3384 quid
547 3317 592 3369 tibi
603 3315 725 3381 sanguinis
735 3327 852 3379 unquam,

357 3399 362 3412 '
921 3399 1016 3469 Hippo-
