2692 4034
386 621 698 671 enunnruos
738 622 916 675 urnvu.
1032 629 1062 693 ⁸9

285 764 367 831 Rupta
378 766 475 824 cadant,
490 766 638 828 longumque
648 764 745 814 trahant
755 779 797 828 per
806 765 889 815 nubila
899 766 999 819 erinmu
1057 791 1061 800 »

156 898 160 930 ,
285 866 341 913 Non
351 863 422 915 aliter
432 864 500 911 cursu
511 862 608 926 rapidae,
624 874 696 925 atque
708 861 814 911 immane
823 864 950 915 frementes

156 947 160 972 ¹
231 963 272 1031 585
288 960 435 1014 Trauliliunt
446 980 554 1028 campet,
569 964 726 1028 aurigamque
736 964 826 1028 impete
835 967 911 1026 vasto,

288 1062 443 1126 Amphiarai,
458 1073 529 1112 tuum
541 1064 595 1127 (nee
605 1062 683 1111 defuit
693 1077 773 1121 omen,
789 1062 874 1112 berilet

289 1162 360 1209 Forte
369 1161 391 1209 is
402 1160 494 1223 primur
505 1174 579 1223 equos
589 1160 670 1223 lingna
681 1162 711 1208 ad
722 1159 801 1209 vieina
812 1160 930 1223 trahebat)

290 1255 440 1318 corripiunt.
453 1269 513 1305 mox
522 1255 662 1305 Taenarium
673 1257 717 1319 qui
726 1255 852 1318 proximu·
861 1257 930 1307 Idam

289 1356 453 1419 AEtolumque
463 1358 596 1403 Acamanta
608 1363 730 1417 premunt,
746 1354 804 1416 luga
814 1364 882 1404 torva
892 1370 934 1419 per
945 1372 1013 1421 agrqt

236 1465 277 1517 590
291 1427 463 1519 cornipedum,
478 1453 527 1501 visa
537 1454 613 1500 donee
625 1453 764 1499 flammatus
775 1455 898 1501 Aconteus
969 1449 977 1464 ⁰

290 1552 371 1613 Strage
380 1548 469 1608 virum,
485 1547 525 1596 cui
536 1549 601 1595 sueta
610 1548 672 1595 seras
682 1548 827 1610 prosternere
836 1549 913 1599 virtut

291 1650 378 1711 (Areas
388 1645 450 1707 erat)
462 1647 537 1695 densae
545 1646 596 1708 jam
608 1646 656 1694 fida
667 1646 697 1693 ad
709 1645 800 1694 moenia
810 1648 886 1696 versu

289 1750 424 1814 Insequitur
435 1751 498 1809 telio,
514 1752 668 1813 multumque
678 1750 761 1799 hastile
771 1751 891 1801 resument

289 1850 347 1909 Ter,
363 1859 455 1913 quater,
472 1849 575 1897 adducto
585 1862 627 1910 per
637 1859 713 1909 terga,
727 1861 770 1909 per
779 1847 821 1896 ilia
831 1850 881 1897 telo

236 1950 276 2005 595
290 1942 417 2004 Transrgit.
435 1939 482 1990 illae
494 1947 576 1990 autem
587 1942 660 2003 longo
671 1954 729 1988 cum
739 1939 817 1989 limite
827 1940 872 1989 lusa

288 2036 425 2100 Sanguinis,
444 2038 473 2085 ad
483 2046 565 2100 portas
577 2036 690 2099 utrinque
700 2037 807 2085 extantia
817 2038 911 2087 ducunt
968 2076 970 2080 .

289 2134 387 2199 Spicula
398 2133 555 2195 semianimes,
571 2133 711 2197 gemituque
721 2133 832 2184 imitante
842 2136 957 2199 querelae,

288 2234 375 2284 Saucia
387 2233 479 2283 dilessis
490 2233 609 2283 aeclinant
619 2235 716 2297 pectora
727 2235 810 2284 muris.

288 2336 392 2397 Templa
403 2344 482 2396 putes,
499 2334 629 2397 urbemque
640 2334 700 2396 rapi,
716 2332 855 2395 facibusque
865 2333 972 2382 nefandi·

234 2431 276 2481 ⁶00
291 2432 402 2481 sidonios
413 2431 493 2479 ardere
503 2431 571 2479 laren.
587 2434 618 2479 sre
629 2429 819 2493 elamor'apertit

288 2526 404 2576 Exoritur
414 2524 497 2575 muria.
513 2527 613 2575 mallent
623 2526 744 2575 cunabula
754 2523 836 2585 magni

288 2626 410 2685 Herculis,
426 2637 468 2675 aut
478 2627 580 2677 Semeles
591 2626 735 2683 thalamum,
751 2632 793 2671 aut
803 2624 922 2686 penetrale
932 2622 1002 2674 ruiffe

289 2725 441 2777 Harmonice.
457 2729 542 2777 cultor
552 2725 682 2775 Baccheus
693 2728 801 2772 Acontea
811 2724 917 2789 Phegeus

290 2827 345 2892 Jam
356 2798 535 2883 vacuum'telit,
550 2825 695 2887 geminoque
705 2821 731 2871 in
740 2822 853 2885 sanguine
861 2833 975 2873 ovantem

230 2922 275 2990 ⁶05
290 2921 408 2973 eominus
419 2921 472 2970 ense
481 2920 551 2983 petit.
574 2921 675 2969 subeunt
685 2921 785 2982 Tegeaea
793 2919 908 2983 juventur

290 3019 391 3068 Auxilio
402 3018 473 3068 tardi.
486 3017 538 3080 jam
549 3002 617 3080 supra
628 3017 691 3065 sacra
700 3017 806 3065 ferarum

289 3118 405 3181 Corpora,
421 3116 533 3166 moerenti
542 3116 636 3178 juvenis
644 3115 710 3178 jacet
720 3114 781 3162 ultio
791 3110 894 3160 Baccho.

289 3215 424 3279 Rumpitur
434 3220 457 3263 te
468 3213 572 3263 Graium
582 3212 660 3261 subito
671 3225 714 3274 per
723 3209 798 3258 eastra
808 3206 917 3254 tumultu

287 3312 435 3365 concilium.
459 3311 530 3377 Fugit
541 3321 651 3363 externos
661 3307 756 3375 Joealla
766 3318 809 3369 per
819 3303 896 3356 hullet

208 3382 214 3397 κ
252 3408 364 3465 Ὶσωῐ.
664 3406 688 3453 Ν
944 3398 1063 3463 610Jam
