2692 4034
362 618 677 671 rnnunrnos
716 618 808 673 urn.
837 624 883 674 vr.
1007 630 1041 693 51

266 765 317 830 Ipie
326 775 409 815 tamen
418 765 503 813 formae
513 763 608 813 laudem
620 762 767 826 aspernatur,
782 769 805 812 er
816 776 881 817 arcet

212 879 255 930 575
271 866 396 915 Mirantes.
412 874 472 913 tunc
482 863 600 911 Palladioa
612 877 660 911 non
671 862 759 910 inscius
770 862 868 913 haustus

268 962 389 1022 Incubuit,
404 960 538 1025 pinguique
550 970 631 1010 eutem
641 962 747 1011 fuscatur
757 962 830 1013 olivo.

268 1060 320 1107 Hoc
331 1060 395 1117 ldae,
412 1058 457 1105 hoe
468 1070 533 1106 more
544 1059 641 1119 Dymae,
656 1056 749 1121 aliique
758 1058 884 1114 nitescunt.

267 1159 304 1207 Sic
315 1156 358 1206 ubi
372 1156 504 1220 tranquillo
514 1157 634 1220 pellucent
644 1156 717 1205 sidera
727 1167 811 1219 ponto,

266 1253 429 1325 ¹Vibraturque
439 1251 506 1299 iretie
517 1252 571 1301 eoeli
583 1252 698 1301 stellantis
709 1252 798 1317 imago,

210 1350 252 1412 580
266 1350 354 1399 Omnia
365 1351 428 1398 clara
439 1348 526 1409 nitent,
541 1350 580 1399 red
590 1349 677 1397 ciarior
688 1350 772 1397 omnia
782 1350 852 1415 supra

265 1450 380 1513 Hesperus
390 1458 484 1496 exercet
494 1446 581 1506 radios,
598 1448 750 1510 quantusque
759 1462 801 1511 per
811 1450 887 1499 altum

266 1543 378 1603 AEthera,
393 1541 501 1591 ceruleis
512 1550 595 1590 tantus
605 1541 751 1589 monstratur
760 1541 786 1590 in
796 1545 875 1594 undio.

267 1640 392 1689 Proximus
404 1645 427 1687 ec
437 1639 524 1701 forma,
541 1651 584 1687 nec
595 1641 701 1688 muitum
712 1639 803 1703 segnior
811 1642 866 1691 idae

266 1739 386 1799 Curribus,
402 1750 475 1802 atque
484 1753 536 1788 aevo
543 1737 614 1800 juxta
624 1739 698 1803 prior.
714 1750 821 1790 attamen
832 1742 869 1793 ilii

211 1835 237 1901 58
240 1852 252 1901 ς
266 1840 319 1905 Jam
330 1849 428 1888 tenuem
439 1838 539 1903 pingues
549 1840 634 1887 florem
644 1839 758 1889 induxere
768 1842 891 1906 palaestrae,

262 1934 418 1999 Deserpitque
428 1934 504 1997 genle,
519 1948 563 1983 nec
574 1936 597 1984 se
607 1936 697 1998 lanugo
706 1936 797 1985 fatetur

261 2036 363 2087 intonsae
373 2036 416 2085 iub
427 2036 491 2085 nube
501 2049 586 2086 comae.
602 2046 661 2085 tunc
673 2037 718 2085 rite
728 2036 815 2088 citatus

257 2120 401 2201 'Exploranss
417 2145 558 2198 acuuntque
568 2137 663 2199 padue,
678 2137 923 2203 variasqueperartee

259 2206 415 2284 instimulant
426 2234 498 2282 doeio
508 2218 631 2296 langentia
642 2236 749 2284 membra
759 2240 876 2289 tumultu.

209 2347 249 2399 590
263 2335 357 2399 Poplite
366 2348 432 2383 nunc
443 2334 506 2381 flexo
517 2332 603 2393 fidunt,
619 2348 684 2383 nunc
695 2334 786 2384 lubrica
797 2337 855 2384 iorti

263 2434 361 2487 Pestura
372 2430 490 2481 collidunt
499 2432 581 2497 plausu
591 2450 598 2482 a
616 2446 681 2482 nuuc
692 2407 760 2497 ignea
770 2434 861 2482 tollunt

260 2534 343 2599 Crura,
361 2532 504 2597 brevemque
514 2531 597 2593 iugam
608 2529 728 2593 necopino
738 2532 787 2579 iine
796 2543 922 2593 reponunt.

260 2633 315 2698 Jam
327 2630 387 2689 ruit,
403 2640 475 2694 atque
486 2643 584 2691 aequum
595 2629 711 2677 summifit
724 2630 804 2693 regula
814 2623 896 2681 limen.

261 2723 403 2789 Corripuere
413 2724 476 2772 iev‘ee
486 2721 598 2785 spatium,
614 2736 748 2784 campoque
758 2722 847 2774 ret'ulfit
909 2758 919 2775 .

207 2826 245 2883 595
260 2820 330 2871 Nuda
341 2817 436 2867 coicere.
452 2819 560 2867 uolucres
572 2818 654 2867 iisdem
665 2819 738 2870 modo
748 2820 839 2869 tardius
848 2820 910 2877 aruit

259 2917 301 2964 iiie
310 2914 425 2965 videntur
436 2914 500 2977 equi.
517 2915 597 2963 credas
607 2914 620 2964 e
630 2915 700 2977 plebe
709 2916 836 2978 cydonum

260 3015 453 3078 Parthorumque
463 3015 519 3077 iuga
531 3014 632 3065 totidem
644 3014 751 3065 exiluisse
760 3016 866 3079 sagittat.

259 3114 315 3164 bion
326 3114 397 3164 aliter
406 3114 493 3163 celeres
504 3095 608 3163 Hircana
619 3128 661 3177 per
671 3115 725 3162 avia
735 3114 807 3171 cerri,

257 3210 319 3258 Cum
329 3211 415 3274 procul
426 3209 520 3272 impasti
532 3208 658 3259 fremitum
671 3220 783 3272 accepere
792 3206 877 3267 leonio,

205 3296 243 3365 inq
258 3305 312 3363 Sive
322 3315 421 3373 putant,
437 3306 501 3371 rapit
511 3305 629 3357 attonitos
638 3306 697 3369 iuga
707 3318 779 3365 exea,
794 3304 919 3387 metusque
983 3368 989 3379 ,

968 3397 1035 3443 eon-
